@book{
  0b69015e,
  author={Werner, D.},
  title={Funktionalanalysis},
  year={2011},
  publisher={Springer},
  address={Heidelberg}
}
@misc{
  1af276f4,
  author={DLMF},
  title={{Elementary Functions: Logarithm, Exponential, Powers: Lambert W-Function}},
  howpublished={\url{http://dlmf.nist.gov/4.13}},
  note={Accessed: 2017-09-12},
}
@book{
  29f54c49,
  author={Arfken, G.B. and Weber, H.J.},
  title={Mathematical Methods for Physicists},
  year={2005},
  publisher={Elsevier Academic Press},
  address={Burlington}
}
@misc{
  35763ba8,
  author={DLMF},
  title={{Bessel Functions: Modified Bessel Functions: Recurrence Relations and Derivatives}},
  howpublished={\url{http://dlmf.nist.gov/10.29}},
  note={Accessed: 2017-09-12},
}
@misc{
  3d622ca2,
  author={Keppeler, S. and Sieber, M.},
  title={{Particle creation and annihilation at interior boundaries: One-dimensional models}},
  year={2015},
  month={November},
  howpublished={\url{https://arxiv.org/abs/1511.03071v1}},
  note={ArXiv e-Prints}
}
@misc{
  56e26bd5,
  author={Teufel, S. and Tumulka, R.},
  title={{Avoiding Ultraviolet Divergence by Means of Interior-Boundary Conditions}},
  year={2015},
  month={June},
  howpublished={\url{https://arxiv.org/abs/1506.00497v1}},
  note={ArXiv e-Prints}
}
@misc{
  69346099,
  author={DLMF},
  title={{Bessel Functions: Modified Bessel Functions: Power Series}},
  howpublished={\url{http://dlmf.nist.gov/10.31}},
  note={Accessed: 2017-09-12},
}
@misc{
  7f9f7f95,
  author={Lampart, J. and Schmidt, J. and Teufel, S. and Tumulka, R.},
  title={{Particle Creation at a Point Source by Means of Interior-Boundary Conditions}},
  year={2017},
  month={April},
  howpublished={\url{https://arxiv.org/1703.04476v2}},
  note={ArXiv e-Prints}
}
@misc{
  ca427945,
  author={DLMF},
  title={{Bessel Functions: Modified Bessel Functions: Definitions}},
  howpublished={\url{http://dlmf.nist.gov/10.25}},
  note={Accessed: 2017-09-12},
}
@misc{
  d3d4ed0b,
  author={DLMF},
  title={{Gamma Function: Properties: Definitions}},
  howpublished={\url{http://dlmf.nist.gov/5.2}},
  note={Accessed: 2017-09-12},
}
@misc{
  f5e1d34b,
  author={Teufel, S. and Tumulka, R.},
  title={{New Type of Hamiltonians Without Ultraviolet Divergence for Quantum Field Theories}},
  year={2015},
  month={May},
  howpublished={\url{https://arxiv.org/abs/1505.04847v1}},
  note={ArXiv e-Prints}
}
@misc{
  wiki-pedia0en,
  author={Wikipedia},
  title={{The Free Encyclopedia}},
  howpublished={\url{https://en.wikipedia.org}},
  note={Search for Definitions Occuring in This e-print}
}
