@misc{
  2dibc,
    author = {SHTSoft.EU},
    title = {{Two-Dimensional Models for Particle Creation at Point Sources using IBCs}},
    year = {2023},
    month = {August},
    howpublished = {\url{https://github.com/shtsoft/2dibc/releases/v0.1.0/download/paper.pdf}}
}
